@misc{s1,
    author = "{Sheila Morais de Almeida}",
    title = {{Somatórios}},
    howpublished = {\url{https://sheilaalmeida.pro.br/aulas/apa/aula04-Somatorios.pdf}},
    note = {Acessado em 5 nov. 2019} ,
    year = 2018,
}

@misc{s2,
    author = "{Humberto Brandão}",
    title = {{Fundamentos Matemáticos para PAA - Aula 3}},
    howpublished = {\url{http://www.bcc.unifal-mg.edu.br/~humberto/disciplinas/2011_1_paa/aulas/aula03_FudamentosMatematicosPAA.pdf}},
    note = {Acessado em 5 nov. 2019} ,
    year = 2010,
}

@misc{s3,
    author = "{Luiz Alexandre Peternelli}",
    title = {{Apostila de Introdução à Estatística: Capítulo 1 -- Conceitos Introdutórios}},
    howpublished = {\url{http://www.dpi.ufv.br/~peternelli/inf162.www.16032004/materiais/CAPITULO1.pdf}},
    note = {Acessado em 5 nov. 2019} ,
    year = 2004,
}

@misc{s4,
    author = "{Fabio Gagliardi Cozman}",
    title = {{Algoritmos e Complexidade}},
    howpublished = {\url{http://sites.poli.usp.br/p/fabio.cozman/Didatico/Comp/Material/complex.pdf}},
    note = {Acessado em 5 nov. 2019} ,
}